<record><leader>00000cas a2200000 a 4500</leader><controlfield tag="001">11207250</controlfield><controlfield tag="008">840928d186u1902kyuwr ne      0    0eng d</controlfield><datafield ind1=" " ind2=" " tag="010"><subfield code="a">sn 84027530 </subfield></datafield><datafield ind1=" " ind2=" " tag="040"><subfield code="a">NPU</subfield><subfield code="b">eng</subfield><subfield code="c">NPU</subfield><subfield code="d">NPX</subfield><subfield code="d">KNP</subfield><subfield code="d">OCL</subfield><subfield code="d">OCLCQ</subfield><subfield code="d">OCLCO</subfield></datafield><datafield ind1=" " ind2=" " tag="042"><subfield code="a">msc</subfield></datafield><datafield ind1=" " ind2=" " tag="043"><subfield code="a">n-us-ky</subfield></datafield><datafield ind1="0" ind2="4" tag="245"><subfield code="a">The Owen news.</subfield></datafield><datafield ind1=" " ind2=" " tag="260"><subfield code="a">Owenton, Ky. :</subfield><subfield code="b">Eugene E. Lee</subfield></datafield><datafield ind1=" " ind2=" " tag="300"><subfield code="a">v. ;</subfield><subfield code="c">61 cm.</subfield></datafield><datafield ind1=" " ind2=" " tag="310"><subfield code="a">Weekly</subfield></datafield><datafield ind1="1" ind2=" " tag="362"><subfield code="a">Ceased in 1902.</subfield><subfield code="z">Cf. NIM.</subfield></datafield><datafield ind1=" " ind2=" " tag="500"><subfield code="a">Conflicting beginning dates recorded in NIM, and Houchens, M.S. Hist. of Owen Co., Ky.</subfield></datafield><datafield ind1=" " ind2=" " tag="500"><subfield code="a">Published at New Liberty, Ky., &lt;1869-1871&gt;. Cf. Evans, H.J. Newspaper press in Ky., ; Rowell, 1871.</subfield></datafield><datafield ind1=" " ind2=" " tag="500"><subfield code="a">Publishers: J.M. Clarke, &lt;1869&gt;; Clarke &amp; Lee, &lt;1871&gt;; Lee &amp; Bond, &lt;1872&gt;; Eugene E. Lee, &lt;1873-1877&gt;.</subfield></datafield><datafield ind1=" " ind2=" " tag="500"><subfield code="a">"The Federal union, and the states, one to rule the nation, the others supreme in powers not delegated."</subfield></datafield><datafield ind1=" " ind2=" " tag="500"><subfield code="a">Published every Wednesday.</subfield></datafield><datafield ind1=" " ind2=" " tag="500"><subfield code="a">"Democratic."</subfield></datafield><datafield ind1=" " ind2=" " tag="500"><subfield code="a">Editors: J. Marcus Clarke, &lt;1869-1873&gt;; Eugene E. Lee, &lt;1873-1877&gt;.</subfield></datafield><datafield ind1=" " ind2=" " tag="588"><subfield code="a">Description based on: Vol. 4, no. 13 (Jan. 15, 1873) = Whole no. 167.</subfield></datafield><datafield ind1=" " ind2="0" tag="651"><subfield code="a">Owen (Ky.)</subfield><subfield code="v">Newspapers.</subfield></datafield><datafield ind1=" " ind2="0" tag="651"><subfield code="a">Owenton (Ky.)</subfield><subfield code="v">Newspapers.</subfield></datafield><datafield ind1=" " ind2=" " tag="752"><subfield code="a">United States</subfield><subfield code="b">Kentucky</subfield><subfield code="c">Owen</subfield><subfield code="d">Owenton.</subfield></datafield><datafield ind1=" " ind2=" " tag="752"><subfield code="a">United States</subfield><subfield code="b">Kentucky</subfield><subfield code="c">Owen</subfield><subfield code="d">New Liberty.</subfield></datafield><datafield ind1="0" ind2="7" tag="785"><subfield code="t">Owenton herald</subfield></datafield><datafield ind1="0" ind2="7" tag="785"><subfield code="t">Owen news-herald</subfield></datafield></record>